<?xml version="1.0" encoding="UTF-8"?><collection xmlns="http://www.loc.gov/MARC21/slim"><record><leader>00486nam--2200181-i-4500</leader><controlfield tag="001">000012613</controlfield><controlfield tag="002">20161230</controlfield><controlfield tag="005">20161230201029</controlfield><controlfield tag="008">060222s1000------------r-----000-0-eng-d</controlfield><datafield ind1=" " ind2=" " tag="040"><subfield code="a">IFIN-HH</subfield></datafield><datafield ind1=" " ind2=" " tag="080"><subfield code="a">539.184.2(083.4)</subfield></datafield><datafield ind1="1" ind2=" " tag="100"><subfield code="a">Bearden, J.A</subfield></datafield><datafield ind1="1" ind2="0" tag="245"><subfield code="a">Atomic energy levels</subfield><subfield code="c">J.a. bearden, a.f. burr</subfield></datafield><datafield ind1=" " ind2=" " tag="260"><subfield code="a">Oak Ridge, Tennessee</subfield><subfield code="b">U.S.Atomic Energy Commission</subfield><subfield code="c">1965</subfield></datafield><datafield ind1=" " ind2=" " tag="300"><subfield code="a">244 P</subfield></datafield><datafield ind1="1" ind2=" " tag="700"><subfield code="a">Burr, A.F</subfield></datafield><datafield ind1=" " ind2=" " tag="852"><subfield code="a">45916</subfield><subfield code="c">539.18</subfield></datafield><datafield ind1=" " ind2=" " tag="CAT"><subfield code="a">Sys</subfield><subfield code="c">20120703</subfield><subfield code="h">155508</subfield></datafield></record></collection>